
@article{mainpaper,
  author          = {Bradley Malin},
  title           = {{Protecting DNA Sequence Anonymitywith Generalization Lattices}},
  year            = {2004},
  url             = {http://citeseerx.ist.psu.edu/viewdoc/download?doi=10.1.1.95.2227&rep=rep1&type=pdf}
}


@Inbook{clustalw,
title="CLUSTAL W (improving the sensitivity of progressive multiple sequence alignment through sequence weighting, position-specific gap penalties and weight matrix choice)",
bookTitle="Encyclopedia of Genetics, Genomics, Proteomics and Informatics",
year="2008",
publisher="Springer Netherlands",
address="Dordrecht",
pages="376--377",
isbn="978-1-4020-6754-9",
doi="10.1007/978-1-4020-6754-9_3188",
url="https://doi.org/10.1007/978-1-4020-6754-9_3188"
}

